% Für mehr Styles und genauere Informationen siehe https://verbosus.com/bibtex-style-examples.html


@book{book,
	author    = {Karl Mustermann}, 
	title     = {Mustertitel},
	publisher = {Muster-Herausgeber},
	year      = {1993},
	volume    = {4},
	series    = {10},
	edition   = {3},
	month     = {7},
	note      = {Notiz},
	isbn      = {isbn}
}

@article{article,
	author  = {Max Mustermann}, 
	title   = {Mustertitel},
	journal = {Muster-Journal},
	year    = {1993},
	pages   = {201-213},
	note    = {An optional note}, 
	volume  = {4}
}

@techreport{techreport,
	author 		= {Fritz Mustermann},
	title 		= {Mustertitel},
	institution = {Muster-Einrichtung},
	year 		= {2018},
	url		 	= {Link (falls vorhanden)},
	note 		= {Für Whitepaper etc.}
}

@Misc{inet,
	author	= {Peter Mustermann},
	title 	= {Internetquelle},
	year 	= {2015},
	note	= {Eingesehen am 01.02.2018},
	url		= {url}
}